@article{saalberg_2016,
	title = {{VOC} breath biomarkers in lung cancer},
	volume = {459},
	issn = {00098981},
	url = {http://linkinghub.elsevier.com/retrieve/pii/S0009898116302170},
	doi = {10.1016/j.cca.2016.05.013},
	pages = {5--9},
	journaltitle = {Clinica Chimica Acta},
	author = {Saalberg, Yannick and Wolff, Marcus},
	urldate = {2018-01-25},
	date = {2016-08},
	langid = {english}
}

@article{bruhns_2015,
	title = {Photoacoustic Hydrocarbon Spectroscopy Using a Mach-Zehnder Modulated cw {OPO}},
	volume = {188},
	url = {http://www.sensorsportal.com/HTML/DIGEST/may_2015/Vol_188/P_2658.pdf},
	pages = {40},
	number = {5},
	journaltitle = {Sensors \& Transducers},
	author = {Bruhns, Henry and Saalberg, Yannick and Wolff, Marcus},
	urldate = {2018-05-24},
	date = {2015-05}
}

@article{saalberg_2017,
	title = {Photoacoustic Spectroscopy for the Determination of Lung Cancer Biomarkersâ€”A Preliminary Investigation},
	volume = {17},
	issn = {1424-8220},
	url = {http://www.mdpi.com/1424-8220/17/1/210},
	doi = {10.3390/s17010210},
	pages = {210},
	number = {1},
	journaltitle = {Sensors},
	author = {Saalberg, Yannick and Bruhns, Henry and Wolff, Marcus},
	urldate = {2018-01-25},
	date = {2017-01-21},
	langid = {english}
}